<record><leader>00000cas a2200000   4500</leader><controlfield tag="001">9219789</controlfield><controlfield tag="008">830214d18761915mauwr ne      0    0eng d</controlfield><controlfield tag="009">3328</controlfield><datafield ind1=" " ind2=" " tag="010"><subfield code="a">sn 91057084 </subfield></datafield><datafield ind1=" " ind2=" " tag="040"><subfield code="a">LHL</subfield><subfield code="b">eng</subfield><subfield code="c">LHL</subfield><subfield code="d">NPX</subfield><subfield code="d">MGN</subfield><subfield code="d">NYS</subfield><subfield code="d">MGN</subfield><subfield code="d">NVK</subfield><subfield code="d">NVN</subfield><subfield code="d">DLC</subfield><subfield code="d">OCLCF</subfield><subfield code="d">OCLCO</subfield></datafield><datafield ind1=" " ind2=" " tag="042"><subfield code="a">msc</subfield></datafield><datafield ind1="0" ind2="0" tag="245"><subfield code="a">American cultivator.</subfield></datafield><datafield ind1=" " ind2=" " tag="260"><subfield code="a">Boston, Mass. :</subfield><subfield code="b">George B. James,</subfield></datafield><datafield ind1=" " ind2=" " tag="300"><subfield code="a">v.</subfield></datafield><datafield ind1=" " ind2=" " tag="310"><subfield code="a">Weekly</subfield></datafield><datafield ind1="0" ind2=" " tag="362"><subfield code="a">Vol. 38, no. 47 (Nov. 18, 1876)-v. 77, no. 15 (Sept. 1915).</subfield></datafield><datafield ind1=" " ind2=" " tag="500"><subfield code="a">Publisher varies: American Cultivator Publishing Co., &lt;1893&gt;.</subfield></datafield><datafield ind1=" " ind2="0" tag="650"><subfield code="a">Agriculture</subfield><subfield code="z">United States</subfield><subfield code="v">Newspapers.</subfield></datafield><datafield ind1=" " ind2="0" tag="651"><subfield code="a">Boston (Mass.)</subfield><subfield code="v">Newspapers.</subfield></datafield><datafield ind1=" " ind2="7" tag="655"><subfield code="a">Newspapers.</subfield><subfield code="2">fast</subfield><subfield code="0">(OCoLC)fst01423814</subfield></datafield><datafield ind1=" " ind2="7" tag="650"><subfield code="a">Agriculture.</subfield><subfield code="2">fast</subfield><subfield code="0">(OCoLC)fst00801355</subfield></datafield><datafield ind1=" " ind2="7" tag="651"><subfield code="a">Massachusetts</subfield><subfield code="z">Boston.</subfield><subfield code="2">fast</subfield><subfield code="0">(OCoLC)fst01205012</subfield></datafield><datafield ind1=" " ind2="7" tag="651"><subfield code="a">United States.</subfield><subfield code="2">fast</subfield><subfield code="0">(OCoLC)fst01204155</subfield></datafield><datafield ind1=" " ind2=" " tag="752"><subfield code="a">United States</subfield><subfield code="b">Massachusetts</subfield><subfield code="c">Suffolk</subfield><subfield code="d">Boston.</subfield></datafield><datafield ind1="0" ind2="4" tag="780"><subfield code="t">Boston cultivator (Boston, Mass. : 1841)</subfield><subfield code="x">2157-2844</subfield><subfield code="w">(DLC)sn 84023104</subfield><subfield code="w">(OCoLC)10761393</subfield></datafield><datafield ind1="0" ind2="4" tag="780"><subfield code="t">New England rural home</subfield></datafield><datafield ind1="0" ind2="5" tag="780"><subfield code="t">Massachusetts ploughman and New England journal of agriculture</subfield><subfield code="w">(DLC)sn 93062859</subfield></datafield><datafield ind1="0" ind2="5" tag="780"><subfield code="t">Vermont farmer (Saint Johnsbury, Vt.)</subfield><subfield code="w">(DLC)sn 84023255</subfield><subfield code="w">(OCoLC)10853223</subfield></datafield></record>